@Misc{ sgci,
    author = "{LabSEC}",
    title = "Sistema de Gerenciamento de Certificados Digitais da Infraestrutura de Chaves Públicas para Ensino e Pesquisa (SGCI)",
    year = "2011",
    INSTITUTION =  {Laboratório de Segurança em Computação},
    note = "https://projetos.labsec.ufsc.br/sgci", 
    url = "https://projetos.labsec.ufsc.br/sgci"
}

@TechReport{TCCAnderson,
	title = "Análise e implementação de um protocolo de gerenciamento de certificados",
	author = "Anderson Luiz Silvério",
	school = "Universidade Federal de Santa Catarina",
	month = jul,
	year = "2011",
	url = "http://projetos.inf.ufsc.br/arquivos\_projetos/projeto\_1163/TCC-Anderson-Final.pdf"
}

@INPROCEEDINGS{ArtigoAnderson,
    AUTHOR="Anderson Silvério and Jonathan Kohler and Ricardo Custódio",
    TITLE="Análise e implementação de um protocolo de gerenciamento de certificados",
    BOOKTITLE="WTICG - SBSeg 2011",
    MONTH="nov",
    YEAR="2011"
}

@TechReport{TCCJonathan,
	title = "Sistema de Gerenciamento de Certificados Digitais",
	author = "Jonathan Gehard Kohler and Rogério Bodemuller Júnior",
	school = "Universidade Federal de Santa Catarina",
	month = oct,
	year = "2007",
	url = "http://projetos.inf.ufsc.br/arquivos\_projetos/projeto\_691/SGCI2.pdf"
}


